<?xml version="1.0" encoding="utf-8" ?>
<collection xmlns="http://www.loc.gov/MARC21/slim">
    <record type="Bibliographic">
        <leader> cam a22 2 4500</leader>
        <controlfield tag="001">149208375</controlfield>
        <controlfield tag="003">CHVBK</controlfield>
        <controlfield tag="005">20160801071053.0</controlfield>
        <controlfield tag="008">950412s1986 xxua |||| 000 0 eng|d</controlfield>
        <datafield tag="020" ind1=" " ind2=" ">
            <subfield code="a">0-8032-4729-X</subfield>
        </datafield>
        <datafield tag="020" ind1=" " ind2=" ">
            <subfield code="a">978-0-8032-4729-1</subfield>
        </datafield>
        <datafield tag="035" ind1=" " ind2=" ">
            <subfield code="a">(OCoLC)468762636</subfield>
        </datafield>
        <datafield tag="035" ind1=" " ind2=" ">
            <subfield code="a">(NEBIS)003082312</subfield>
        </datafield>
        <datafield tag="035" ind1=" " ind2=" ">
            <subfield code="a">(OCoLC)468762636</subfield>
        </datafield>
        <datafield tag="040" ind1=" " ind2=" ">
            <subfield code="a">BDF</subfield>
            <subfield code="d">SzZuIDS NEBIS ZBZ</subfield>
        </datafield>
        <datafield tag="082" ind1="1" ind2=" ">
            <subfield code="a">978.220 1</subfield>
            <subfield code="2">22</subfield>
        </datafield>
        <datafield tag="082" ind1="0" ind2="4">
            <subfield code="a">978.1/201</subfield>
            <subfield code="2">19</subfield>
        </datafield>
        <datafield tag="111" ind1="1" ind2=" ">
            <subfield code="a">Genetic Days</subfield>
        </datafield>
        <datafield tag="245" ind1="1" ind2="0">
            <subfield code="a">Central Plains prehistory</subfield>
            <subfield code="b">holocene environments and culture change in the Republican River
                basin</subfield>
            <subfield code="c">Waldo R. Wedel</subfield>
        </datafield>
        <datafield tag="264" ind1=" " ind2="1">
            <subfield code="a">Lincoln</subfield>
            <subfield code="b">University of Nebraska press</subfield>
            <subfield code="c">cop. 1986</subfield>
        </datafield>
        <datafield tag="300" ind1=" " ind2=" ">
            <subfield code="a">280 p</subfield>
            <subfield code="b">Ill</subfield>
        </datafield>
        <datafield tag="500" ind1=" " ind2=" ">
            <subfield code="a">Bibliogr. p. 239-268. Index</subfield>
        </datafield>
        <datafield tag="502" ind1=" " ind2=" ">
            <subfield code="b">Dissertation</subfield>
            <subfield code="c">Universität Basel</subfield>
            <subfield code="d">2015</subfield>
        </datafield>
        <datafield tag="490" ind1=" " ind2=" ">
            <subfield code="a">Eine Reihe</subfield>
            <subfield code="v">Bd. 4</subfield>
            <subfield code="9">123456789</subfield>
        </datafield>
        <datafield tag="650" ind1=" " ind2="7">
            <subfield code="a">Indiens</subfield>
            <subfield code="z">États-Unis</subfield>
            <subfield code="z">Nebraska (États-Unis)</subfield>
            <subfield code="2">ram</subfield>
        </datafield>
        <datafield tag="650" ind1=" " ind2="7">
            <subfield code="a">Holozän</subfield>
            <subfield code="0">(DE-588)4160492-1</subfield>
            <subfield code="2">gnd</subfield>
        </datafield>
        <datafield tag="650" ind1=" " ind2="0">
            <subfield code="a">Indians of North America</subfield>
            <subfield code="z">Republican River Valley (Neb. and Kan.)</subfield>
            <subfield code="x">Antiquities</subfield>
        </datafield>
        <datafield tag="651" ind1=" " ind2="7">
            <subfield code="a">Republican-River-Gebiet</subfield>
            <subfield code="0">(DE-588)4355999-2</subfield>
            <subfield code="2">gnd</subfield>
        </datafield>
        <datafield tag="651" ind1=" " ind2="0">
            <subfield code="a">Republican River Valley (Neb. and Kan.)</subfield>
            <subfield code="x">Antiquities</subfield>
        </datafield>
        <datafield tag="690" ind1=" " ind2="7">
            <subfield code="B">u</subfield>
            <subfield code="a">Indianer / Archäologie / Einzelne Gebiete / Nordamerika</subfield>
            <subfield code="2">idszbz Z9</subfield>
        </datafield>
        <datafield tag="690" ind1=" " ind2="7">
            <subfield code="B">u</subfield>
            <subfield code="a">Republican River</subfield>
            <subfield code="2">idszbz Z9</subfield>
        </datafield>
        <datafield tag="700" ind1="1" ind2=" ">
            <subfield code="a">Someone, Mary</subfield>
            <subfield code="d">1798-</subfield>
            <subfield code="0">(DE-588)2023655-77</subfield>
        </datafield>
        <datafield tag="700" ind1="1" ind2=" ">
            <subfield code="a">noch eine Mary, mit geänderter GND zum Test, ob sich die Hashes ändern</subfield>
            <subfield code="d">1798-</subfield>
            <subfield code="0">(DE-588)2023655-66</subfield>
        </datafield>

        <datafield tag="700" ind1="1" ind2=" ">
            <subfield code="a">Austen, Jane</subfield>
            <subfield code="t">Emma</subfield>
            <subfield code="0">(DE-588)2023655-4</subfield>
        </datafield>

        <datafield tag="700" ind1="1" ind2=" ">
            <subfield code="a">Austen, Jane</subfield>
            <subfield code="t">Du hast bei uns nichts zu suchen</subfield>
            <subfield code="0">(DE-588)2023655-4</subfield>
        </datafield>

        <datafield tag="110" ind1="1" ind2=" ">
            <subfield code="a">Universitätsbibliothek Basel</subfield>
        </datafield>
        <datafield tag="909" ind1=" " ind2="7">
            <subfield code="a">MedeaZBZ</subfield>
            <subfield code="2">idszbz ZR</subfield>
        </datafield>
        <datafield tag="950" ind1=" " ind2=" ">
            <subfield code="B">NEBIS</subfield>
            <subfield code="P">100</subfield>
            <subfield code="E">1-</subfield>
            <subfield code="a">Wedel</subfield>
            <subfield code="D">Waldo Rudolph</subfield>
            <subfield code="d">1908-1996</subfield>
            <subfield code="0">(DE-588)129773301</subfield>
        </datafield>
        <datafield tag="898" ind1=" " ind2=" ">
            <subfield code="a">BK020000</subfield>
            <subfield code="b">XK020000</subfield>
            <subfield code="c">XK020000</subfield>
        </datafield>
        <datafield tag="949" ind1=" " ind2=" ">
            <subfield code="B">NEBIS</subfield>
            <subfield code="C">ZAD50</subfield>
            <subfield code="D">EBI01</subfield>
            <subfield code="E">003082312</subfield>
            <subfield code="F">Z01</subfield>
            <subfield code="b">Z01</subfield>
            <subfield code="c">03</subfield>
            <subfield code="j">GQ 1686</subfield>
            <subfield code="p">ZM00750790</subfield>
            <subfield code="q">003082312</subfield>
            <subfield code="r">000010</subfield>
            <subfield code="0">ZB (Zürich)</subfield>
            <subfield code="1">Freihand 03</subfield>
            <subfield code="2">4</subfield>
            <subfield code="3">BOOK</subfield>
            <subfield code="4">11</subfield>
            <subfield code="5">Ausleihe 4 Wochen</subfield>
        </datafield>
    </record>
</collection>
